@article{Ajitanand:2005jj,
      author         = "Ajitanand, N. N. and Alexander, J. M. and Chung, P. and
                        Holzmann, W. G. and Issah, M. and Lacey, Roy A. and
                        Shevel, A. and Taranenko, A. and Danielewicz, P.",
      title          = "{Decomposition of harmonic and jet contributions to
                        particle-pair correlations at ultra-relativistic
                        energies}",
      journal        = "Phys. Rev.",
      volume         = "C72",
      year           = "2005",
      pages          = "011902",
      doi            = "10.1103/PhysRevC.72.011902",
      eprint         = "nucl-ex/0501025",
      archivePrefix  = "arXiv",
      primaryClass   = "nucl-ex",
      SLACcitation   = "%%CITATION = NUCL-EX/0501025;%%"
}

@article{Aad:2015gqa,
      author         = "Aad, Georges and others",
      title          = "{Observation of Long-Range Elliptic Azimuthal
                        Anisotropies in $\sqrt{s}=$13 and 2.76 TeV $pp$
                        Collisions with the ATLAS Detector}",
      collaboration  = "ATLAS",
      journal        = "Phys. Rev. Lett.",
      volume         = "116",
      year           = "2016",
      number         = "17",
      pages          = "172301",
      doi            = "10.1103/PhysRevLett.116.172301",
      eprint         = "1509.04776",
      archivePrefix  = "arXiv",
      primaryClass   = "hep-ex",
      reportNumber   = "CERN-PH-EP-2015-251",
      SLACcitation   = "%%CITATION = ARXIV:1509.04776;%%"
}
@article{Sjostrand:2000wi,
      author         = "Sjostrand, Torbjorn and Eden, Patrik and Friberg,
                        Christer and Lonnblad, Leif and Miu, Gabriela and Mrenna,
                        Stephen and Norrbin, Emanuel",
      title          = "{High-energy physics event generation with PYTHIA 6.1}",
      journal        = "Comput. Phys. Commun.",
      volume         = "135",
      year           = "2001",
      pages          = "238-259",
      doi            = "10.1016/S0010-4655(00)00236-8",
      eprint         = "hep-ph/0010017",
      archivePrefix  = "arXiv",
      primaryClass   = "hep-ph",
      reportNumber   = "LU-TP-00-30",
      SLACcitation   = "%%CITATION = HEP-PH/0010017;%%"
}

@article{Nagle:2017sjv,
      author         = "Nagle, J. L. and Belmont, Ron and Hill, Kurt and Orjuela
                        Koop, Javier and Perepelitsa, Dennis V. and Yin, Pengqi
                        and Lin, Zi-Wei and McGlinchey, Darren",
      title          = "{Minimal conditions for collectivity in $e^+e^-$ and
                        $p+p$ collisions}",
      journal        = "Phys. Rev.",
      volume         = "C97",
      year           = "2018",
      number         = "2",
      pages          = "024909",
      doi            = "10.1103/PhysRevC.97.024909",
      eprint         = "1707.02307",
      archivePrefix  = "arXiv",
      primaryClass   = "nucl-th",
      SLACcitation   = "%%CITATION = ARXIV:1707.02307;%%"
}
@article{Barate:1996fi,
      author         = "Barate, R. and others",
      title          = "{Studies of quantum chromodynamics with the ALEPH
                        detector}",
      collaboration  = "ALEPH",
      journal        = "Phys. Rept.",
      volume         = "294",
      year           = "1998",
      pages          = "1-165",
      doi            = "10.1016/S0370-1573(97)00045-8",
      reportNumber   = "CERN-PPE-96-186",
      SLACcitation   = "%%CITATION = PRPLC,294,1;%%"
}

@article{Decamp:1990jra,
      author         = "Decamp, D. and others",
      title          = "{ALEPH: A detector for electron-positron annnihilations
                        at LEP}",
      collaboration  = "ALEPH",
      journal        = "Nucl. Instrum. Meth.",
      volume         = "A294",
      year           = "1990",
      pages          = "121-178",
      doi            = "10.1016/0168-9002(90)91831-U",
      note           = "[Erratum: Nucl. Instrum. Meth.A303,393(1991)]",
      reportNumber   = "CERN-EP-90-25",
      SLACcitation   = "%%CITATION = NUIMA,A294,121;%%"
}

@article{Tripathee:2017ybi,
      author         = "Tripathee, Aashish and Xue, Wei and Larkoski, Andrew and
                        Marzani, Simone and Thaler, Jesse",
      title          = "{Jet Substructure Studies with CMS Open Data}",
      journal        = "Phys. Rev.",
      volume         = "D96",
      year           = "2017",
      number         = "7",
      pages          = "074003",
      doi            = "10.1103/PhysRevD.96.074003",
      eprint         = "1704.05842",
      archivePrefix  = "arXiv",
      primaryClass   = "hep-ph",
      reportNumber   = "MIT-CTP-4890",
      SLACcitation   = "%%CITATION = ARXIV:1704.05842;%%"
}

@article{He:2015hfa,
      author         = "He, Liang and Edmonds, Terrence and Lin, Zi-Wei and Liu,
                        Feng and Molnar, Denes and Wang, Fuqiang",
      title          = "{Anisotropic parton escape is the dominant source of
                        azimuthal anisotropy in transport models}",
      journal        = "Phys. Lett.",
      volume         = "B753",
      year           = "2016",
      pages          = "506-510",
      doi            = "10.1016/j.physletb.2015.12.051",
      eprint         = "1502.05572",
      archivePrefix  = "arXiv",
      primaryClass   = "nucl-th",
      SLACcitation   = "%%CITATION = ARXIV:1502.05572;%%"
}

@article{Adare:2013piz,
      author         = "Adare, A. and others",
      title          = "{Quadrupole Anisotropy in Dihadron Azimuthal Correlations
                        in Central $d$$+$Au Collisions at $\sqrt{s_{_{NN}}}$=200
                        GeV}",
      collaboration  = "PHENIX",
      journal        = "Phys. Rev. Lett.",
      volume         = "111",
      year           = "2013",
      number         = "21",
      pages          = "212301",
      doi            = "10.1103/PhysRevLett.111.212301",
      eprint         = "1303.1794",
      archivePrefix  = "arXiv",
      primaryClass   = "nucl-ex",
      SLACcitation   = "%%CITATION = ARXIV:1303.1794;%%"
}

@article{Ollitrault:1992bk,
      author         = "Ollitrault, Jean-Yves",
      title          = "{Anisotropy as a signature of transverse collective
                        flow}",
      journal        = "Phys. Rev.",
      volume         = "D46",
      year           = "1992",
      pages          = "229-245",
      doi            = "10.1103/PhysRevD.46.229",
      reportNumber   = "SACLAY-SPH-T-92-016",
      SLACcitation   = "%%CITATION = PHRVA,D46,229;%%"
}
@article{Back:2004je,
      author         = "Back, B. B. and others",
      title          = "{The PHOBOS perspective on discoveries at RHIC}",
      journal        = "Nucl. Phys.",
      volume         = "A757",
      year           = "2005",
      pages          = "28-101",
      doi            = "10.1016/j.nuclphysa.2005.03.084",
      eprint         = "nucl-ex/0410022",
      archivePrefix  = "arXiv",
      primaryClass   = "nucl-ex",
      SLACcitation   = "%%CITATION = NUCL-EX/0410022;%%"
}

@article{Arsene:2004fa,
      author         = "Arsene, I. and others",
      title          = "{Quark gluon plasma and color glass condensate at RHIC?
                        The Perspective from the BRAHMS experiment}",
      collaboration  = "BRAHMS",
      journal        = "Nucl. Phys.",
      volume         = "A757",
      year           = "2005",
      pages          = "1-27",
      doi            = "10.1016/j.nuclphysa.2005.02.130",
      eprint         = "nucl-ex/0410020",
      archivePrefix  = "arXiv",
      primaryClass   = "nucl-ex",
      SLACcitation   = "%%CITATION = NUCL-EX/0410020;%%"
}

@article{Adcox:2004mh,
      author         = "Adcox, K. and others",
      title          = "{Formation of dense partonic matter in relativistic
                        nucleus-nucleus collisions at RHIC: Experimental
                        evaluation by the PHENIX collaboration}",
      collaboration  = "PHENIX",
      journal        = "Nucl. Phys.",
      volume         = "A757",
      year           = "2005",
      pages          = "184-283",
      doi            = "10.1016/j.nuclphysa.2005.03.086",
      eprint         = "nucl-ex/0410003",
      archivePrefix  = "arXiv",
      primaryClass   = "nucl-ex",
      SLACcitation   = "%%CITATION = NUCL-EX/0410003;%%"
}

@article{Adams:2005dq,
      author         = "Adams, John and others",
      title          = "{Experimental and theoretical challenges in the search
                        for the quark gluon plasma: The STAR Collaboration's
                        critical assessment of the evidence from RHIC collisions}",
      collaboration  = "STAR",
      journal        = "Nucl. Phys.",
      volume         = "A757",
      year           = "2005",
      pages          = "102-183",
      doi            = "10.1016/j.nuclphysa.2005.03.085",
      eprint         = "nucl-ex/0501009",
      archivePrefix  = "arXiv",
      primaryClass   = "nucl-ex",
      SLACcitation   = "%%CITATION = NUCL-EX/0501009;%%"
}


@article{Khachatryan:2010gv,
      author         = "Khachatryan, Vardan and others",
      title          = "{Observation of Long-Range Near-Side Angular Correlations
                        in Proton-Proton Collisions at the LHC}",
      collaboration  = "CMS",
      journal        = "JHEP",
      volume         = "09",
      year           = "2010",
      pages          = "091",
      doi            = "10.1007/JHEP09(2010)091",
      eprint         = "1009.4122",
      archivePrefix  = "arXiv",
      primaryClass   = "hep-ex",
      reportNumber   = "CMS-QCD-10-002, CERN-PH-EP-2010-031",
      SLACcitation   = "%%CITATION = ARXIV:1009.4122;%%"
}

@article{CMS:2012qk,
      author         = "Chatrchyan, Serguei and others",
      title          = "{Observation of long-range near-side angular correlations
                        in proton-lead collisions at the LHC}",
      collaboration  = "CMS",
      journal        = "Phys. Lett.",
      volume         = "B718",
      year           = "2013",
      pages          = "795-814",
      doi            = "10.1016/j.physletb.2012.11.025",
      eprint         = "1210.5482",
      archivePrefix  = "arXiv",
      primaryClass   = "nucl-ex",
      reportNumber   = "CMS-HIN-12-005, CERN-PH-EP-2012-320, CMS-HIN-12-015",
      SLACcitation   = "%%CITATION = ARXIV:1210.5482;%%"
}

@article{Aamodt:2010pa,
      author         = "Aamodt, K and others",
      title          = "{Elliptic flow of charged particles in Pb-Pb collisions
                        at 2.76 TeV}",
      collaboration  = "ALICE",
      journal        = "Phys. Rev. Lett.",
      volume         = "105",
      year           = "2010",
      pages          = "252302",
      doi            = "10.1103/PhysRevLett.105.252302",
      eprint         = "1011.3914",
      archivePrefix  = "arXiv",
      primaryClass   = "nucl-ex",
      SLACcitation   = "%%CITATION = ARXIV:1011.3914;%%"
}
@article{Chatrchyan:2012wg,
      author         = "Chatrchyan, Serguei and others",
      title          = "{Centrality dependence of dihadron correlations and
                        azimuthal anisotropy harmonics in PbPb collisions at
                        $\sqrt{s_{NN}}=2.76$ TeV}",
      collaboration  = "CMS",
      journal        = "Eur. Phys. J.",
      volume         = "C72",
      year           = "2012",
      pages          = "2012",
      doi            = "10.1140/epjc/s10052-012-2012-3",
      eprint         = "1201.3158",
      archivePrefix  = "arXiv",
      primaryClass   = "nucl-ex",
      reportNumber   = "CMS-HIN-11-006, CERN-PH-EP-2011-222",
      SLACcitation   = "%%CITATION = ARXIV:1201.3158;%%"
}

@article{Adamczyk:2012ku,
      author         = "Adamczyk, L. and others",
      title          = "{Inclusive charged hadron elliptic flow in Au + Au
                        collisions at $\sqrt{s_{NN}}$ = 7.7 - 39 GeV}",
      collaboration  = "STAR",
      journal        = "Phys. Rev.",
      volume         = "C86",
      year           = "2012",
      pages          = "054908",
      doi            = "10.1103/PhysRevC.86.054908",
      eprint         = "1206.5528",
      archivePrefix  = "arXiv",
      primaryClass   = "nucl-ex",
      SLACcitation   = "%%CITATION = ARXIV:1206.5528;%%"
}

@article{Alver:2010gr,
      author         = "Alver, B. and Roland, G.",
      title          = "{Collision geometry fluctuations and triangular flow in
                        heavy-ion collisions}",
      journal        = "Phys. Rev.",
      volume         = "C81",
      year           = "2010",
      pages          = "054905",
      doi            = "10.1103/PhysRevC.82.039903, 10.1103/PhysRevC.81.054905",
      note           = "[Erratum: Phys. Rev.C82,039903(2010)]",
      eprint         = "1003.0194",
      archivePrefix  = "arXiv",
      primaryClass   = "nucl-th",
      SLACcitation   = "%%CITATION = ARXIV:1003.0194;%%"
}

@article{Dusling:2013qoz,
      author         = "Dusling, Kevin and Venugopalan, Raju",
      title          = "{Comparison of the color glass condensate to dihadron
                        correlations in proton-proton and proton-nucleus
                        collisions}",
      journal        = "Phys. Rev.",
      volume         = "D87",
      year           = "2013",
      number         = "9",
      pages          = "094034",
      doi            = "10.1103/PhysRevD.87.094034",
      eprint         = "1302.7018",
      archivePrefix  = "arXiv",
      primaryClass   = "hep-ph",
      SLACcitation   = "%%CITATION = ARXIV:1302.7018;%%"
}

@article{Gelis:2010nm,
      author         = "Gelis, Francois and Iancu, Edmond and Jalilian-Marian,
                        Jamal and Venugopalan, Raju",
      title          = "{The Color Glass Condensate}",
      journal        = "Ann. Rev. Nucl. Part. Sci.",
      volume         = "60",
      year           = "2010",
      pages          = "463-489",
      doi            = "10.1146/annurev.nucl.010909.083629",
      eprint         = "1002.0333",
      archivePrefix  = "arXiv",
      primaryClass   = "hep-ph",
      SLACcitation   = "%%CITATION = ARXIV:1002.0333;%%"
}

@article{Dusling:2015gta,
      author         = "Dusling, Kevin and Li, Wei and Schenke, Bjˆrn",
      title          = "{Novel collective phenomena in high-energy
                        proton?proton and proton?nucleus collisions}",
      journal        = "Int. J. Mod. Phys.",
      volume         = "E25",
      year           = "2016",
      number         = "01",
      pages          = "1630002",
      doi            = "10.1142/S0218301316300022",
      eprint         = "1509.07939",
      archivePrefix  = "arXiv",
      primaryClass   = "nucl-ex",
      SLACcitation   = "%%CITATION = ARXIV:1509.07939;%%"
}


@article{Bzdak:2013zma,
      author         = "Bzdak, Adam and Schenke, Bjoern and Tribedy, Prithwish
                        and Venugopalan, Raju",
      title          = "{Initial state geometry and the role of hydrodynamics in
                        proton-proton, proton-nucleus and deuteron-nucleus
                        collisions}",
      journal        = "Phys. Rev.",
      volume         = "C87",
      year           = "2013",
      number         = "6",
      pages          = "064906",
      doi            = "10.1103/PhysRevC.87.064906",
      eprint         = "1304.3403",
      archivePrefix  = "arXiv",
      primaryClass   = "nucl-th",
      SLACcitation   = "%%CITATION = ARXIV:1304.3403;%%"
}

@article{Abelev:2012ola,
      author         = "Abelev, Betty and others",
      title          = "{Long-range angular correlations on the near and away
                        side in $p$-Pb collisions at $\sqrt{s_{NN}}=5.02$ TeV}",
      collaboration  = "ALICE",
      journal        = "Phys. Lett.",
      volume         = "B719",
      year           = "2013",
      pages          = "29-41",
      doi            = "10.1016/j.physletb.2013.01.012",
      eprint         = "1212.2001",
      archivePrefix  = "arXiv",
      primaryClass   = "nucl-ex",
      reportNumber   = "CERN-PH-EP-2012-359",
      SLACcitation   = "%%CITATION = ARXIV:1212.2001;%%"
}

@article{Aad:2012gla,
      author         = "Aad, Georges and others",
      title          = "{Observation of Associated Near-Side and Away-Side
                        Long-Range Correlations in $\sqrt{s_{NN}}$=5.02??TeV
                        Proton-Lead Collisions with the ATLAS Detector}",
      collaboration  = "ATLAS",
      journal        = "Phys. Rev. Lett.",
      volume         = "110",
      year           = "2013",
      number         = "18",
      pages          = "182302",
      doi            = "10.1103/PhysRevLett.110.182302",
      eprint         = "1212.5198",
      archivePrefix  = "arXiv",
      primaryClass   = "hep-ex",
      reportNumber   = "CERN-PH-EP-2012-366",
      SLACcitation   = "%%CITATION = ARXIV:1212.5198;%%"
}
